%% This BibTeX bibliography file was created using BibDesk.
%% http://bibdesk.sourceforge.net/


%% Created for barbaramini at 2017-06-29 11:16:02 +0900 


%% Saved with string encoding Unicode (UTF-8) 



@inproceedings{FabijanEtAl20173097368.3097460,
	Acmid = {3097460},
	Address = {Piscataway, NJ, USA},
	Author = {Fabijan, Aleksander and Dmitriev, Pavel and Olsson, Helena Holmstr\"{o}m and Bosch, Jan},
	Booktitle = {Proceedings of the 39th International Conference on Software Engineering},
	Date-Added = {2017-06-29 02:15:34 +0000},
	Date-Modified = {2017-06-29 02:15:53 +0000},
	Doi = {10.1109/ICSE.2017.76},
	Isbn = {978-1-5386-3868-2},
	Location = {Buenos Aires, Argentina},
	Numpages = {11},
	Pages = {770--780},
	Publisher = {IEEE Press},
	Series = {ICSE '17},
	Title = {The Evolution of Continuous Experimentation in Software Product Development: From Data to a Data-driven Organization at Scale},
	Url = {https://doi.org/10.1109/ICSE.2017.76},
	Year = {2017},
	Bdsk-Url-1 = {https://doi.org/10.1109/ICSE.2017.76},
	Bdsk-Url-2 = {http://dx.doi.org/10.1109/ICSE.2017.76}}

@inproceedings{KevicEtAl2017,
	Acmid = {3103129},
	Address = {Piscataway, NJ, USA},
	Author = {Kevic, Katja and Murphy, Brendan and Williams, Laurie and Beckmann, Jennifer},
	Booktitle = {Proceedings of the 39th International Conference on Software Engineering: Software Engineering in Practice Track},
	Date-Added = {2017-06-29 02:14:46 +0000},
	Date-Modified = {2017-06-29 02:15:03 +0000},
	Doi = {10.1109/ICSE-SEIP.2017.19},
	Isbn = {978-1-5386-2717-4},
	Keywords = {continuous deployment, empirical analysis, experimentation, full deployment cycle},
	Location = {Buenos Aires, Argentina},
	Numpages = {10},
	Pages = {123--132},
	Publisher = {IEEE Press},
	Series = {ICSE-SEIP '17},
	Title = {Characterizing Experimentation in Continuous Deployment: A Case Study on Bing},
	Url = {https://doi.org/10.1109/ICSE-SEIP.2017.19},
	Year = {2017},
	Bdsk-Url-1 = {https://doi.org/10.1109/ICSE-SEIP.2017.19},
	Bdsk-Url-2 = {http://dx.doi.org/10.1109/ICSE-SEIP.2017.19}}

@TechReport {Begel.Zimmerman_AnalyzeThis:2013,
  author       = {Andrew Begel and Thomas Zimmermann},
  month        = {October},
  number       = {MSR-TR-2013-111},
  publisher    = {Microsoft Research},
  title        = {Analyze This! 145 Questions for Data Scientists in Software Engineering},
  url          = {http://research.microsoft.com/apps/pubs/default.aspx?id=204250},
  year         = {2013},
} 

@inproceedings{Buse:2012:INS:2337223.2337343,
  author 	= {Buse, Raymond P. L. and Zimmermann, Thomas},
  title 		= {Information Needs for Software Development Analytics},
  booktitle 	= {Proceedings of the 34th International Conference on Software Engineering},
  series 	= {ICSE '12},
  year 		= {2012},
  isbn 		= {978-1-4673-1067-3},
  location 	= {Zurich, Switzerland},
  pages 		= {987--996},
  numpages 	= {10},
  url 		= {http://dl.acm.org/citation.cfm?id=2337223.2337343},
  acmid 		= {2337343},
  publisher 	= {IEEE Press},
  address 	= {Piscataway, NJ, USA},
}

@article{Strigini:1996:IntuitionBasedDecisions,
  author = {Strigini, Lorenzo},
  title = {Limiting the Dangers of Intuitive Decision Making},
  journal = {IEEE Softw.},
  issue_date = {January 1996},
  volume = {13},
  number = {1},
  month = jan,
  year = {1996},
  issn = {0740-7459},
  pages = {101--103},
  numpages = {3},
  url = {http://dx.doi.org/10.1109/52.476293},
  doi = {10.1109/52.476293},
  acmid = {625556},
  publisher = {IEEE Computer Society Press},
  address = {Los Alamitos, CA, USA},
} 
